@article{Witczak_Krempa_2014,
  doi = {10.1146/annurev-conmatphys-020911-125138},
  url = {http://dx.doi.org/10.1146/annurev-conmatphys-020911-125138},
  year = {2014},
  month = {mar},
  publisher = {Annual Reviews},
  volume = {5},
  number = {1},
  pages = {57--82},
  author = {William Witczak-Krempa and Gang Chen and Yong Baek Kim and Leon Balents},
  title = {{Correlated Quantum Phenomena in the Strong Spin-Orbit Regime}},
  journal = {Annu. Rev. Condens. Matter Phys.},
}


@article{Jackeli_2009,
  doi = {10.1103/physrevlett.102.017205},
  url = {http://dx.doi.org/10.1103/physrevlett.102.017205},
  year = {2009},
  month = {jan},
  publisher = {American Physical Society ({APS})},
  volume = {102},
  number = {1},
  author = {G. Jackeli and G. Khaliullin},
  title = {{Mott Insulators in the Strong Spin-Orbit Coupling Limit: From Heisenberg to a Quantum Compass and Kitaev Models}},
  journal = {Phys. Rev. Lett.},
}


@article{Kim_2014,
  doi = {10.1126/science.1251151},
  url = {http://dx.doi.org/10.1126/science.1251151},
  year = {2014},
  month = {jun},
  publisher = {American Association for the Advancement of Science ({AAAS})},
  volume = {345},
  number = {6193},
  pages = {187--190},
  author = {Y. K. Kim and O. Krupin and J. D. Denlinger and A. Bostwick and E. Rotenberg and Q. Zhao and J. F. Mitchell and J. W. Allen and B. J. Kim},
  title = {{Fermi arcs in a doped pseudospin-1/2 Heisenberg antiferromagnet}},
  journal = {Science},
}
